<?xml version="1.0" encoding="UTF-8"?><collection><record><leader>07880ntm a2200697 a 4500</leader><controlfield tag="001">006781934</controlfield><controlfield tag="003">MiAaHDL</controlfield><controlfield tag="005">20190719000000.0</controlfield><controlfield tag="006">m        d        </controlfield><controlfield tag="007">cr bn ---auaua</controlfield><controlfield tag="008">090518s1609    xx            00| ||ara d</controlfield><datafield tag="035" ind1=" " ind2=" "><subfield code="a">(MiU)006781934</subfield></datafield><datafield tag="035" ind1=" " ind2=" "><subfield code="a">sdr-miu006781934</subfield></datafield><datafield tag="040" ind1=" " ind2=" "><subfield code="a">MiU</subfield><subfield code="c">MiU</subfield><subfield code="e">amremm</subfield></datafield><datafield tag="043" ind1=" " ind2=" "><subfield code="a">n-us-mi</subfield></datafield><datafield tag="100" ind1="0" ind2=" "><subfield code="6">880-01</subfield><subfield code="a">Ibn al-ʻArabī,</subfield><subfield code="d">1165-1240.</subfield></datafield><datafield tag="245" ind1="1" ind2="3"><subfield code="6">880-03</subfield><subfield code="a">[al-Isrā ilá al-maqām al-asrá ...etc.,</subfield><subfield code="f">1017, i.e. 1609].</subfield></datafield><datafield tag="246" ind1="3" ind2=" "><subfield code="i">Title of final work in GAL:</subfield><subfield code="a">Muʻāsharāt al-maymūnah</subfield></datafield><datafield tag="260" ind1=" " ind2=" "><subfield code="c">[1609].</subfield></datafield><datafield tag="300" ind1=" " ind2=" "><subfield code="a">146 leaves :</subfield><subfield code="b">paper ;</subfield><subfield code="c">200 x 150 (139 x 95) mm. bound to 209 x 160 mm.</subfield></datafield><datafield tag="500" ind1=" " ind2=" "><subfield code="a">Shelfmark: Ann Arbor, University of Michigan, Special Collections Library, Isl. Ms. 512</subfield></datafield><datafield tag="500" ind1=" " ind2=" "><subfield code="a">Origin: As appears in colophon on p. 276, Fuṣūṣ al-ḥikam copied by Aḥmad ibn Abī al-Khayr known as al-Khawlī with transcription completed 23 Dhū al-Ḥijjah 1017 [ca. 30 March 1609]. As appears in colophon on p.294, final work executed by the same copyist with transcription completed in the latter part of the year 1017 [1609]. Opening work likely copied around the same time.</subfield></datafield><datafield tag="500" ind1=" " ind2=" "><subfield code="a">Accompanying materials: Acquisitions slip from Yahuda.</subfield></datafield><datafield tag="500" ind1=" " ind2=" "><subfield code="a">Former shelfmark: From inner front cover and spine label, "I L 13" (likely supplied by Yahuda, see acquisitions slip).</subfield></datafield><datafield tag="500" ind1=" " ind2=" "><subfield code="a">Binding: Pasteboards covered in green-blue cloth ; Type II binding (with flap) ; pastedowns and flyleaves in a white and blue wove paper ; resewn in white thread, eight stations ; overall in good condition ; attached to the textblock in an inverted manner, with flap on effective upper cover rather than lower cover.</subfield></datafield><datafield tag="500" ind1=" " ind2=" "><subfield code="a">Support: European laid paper with 8 laid lines per cm. (vertical), chain lines spaced 29 mm. apart (horizontal), and anchor in circle with trefoil above watermark (see p.50, 56, etc.) ; well-burnished to glossy, dark cream in color ; repairs at opening in wove paper ; some ink burn (see pp.201-206, etc.) ; staining and tide lines.</subfield></datafield><datafield tag="500" ind1=" " ind2=" "><subfield code="a">Decoration: Keywords, section headings, and abbreviation symbols (mainly two-teeth stroke overlining keywords, signes de renvoi, etc.) rubricated ; textual dividers in the form of red hāʼ, three inverted commas, etc.</subfield></datafield><datafield tag="500" ind1=" " ind2=" "><subfield code="a">Script: Naskh ; mainly one clear Egyptian or 'Syrian' hand (though ink and pen thickness varies, and some sections may be provided in different hands) ; virtually serifless with slight effect of tilt to the left and of words descending to baseline, some elongation of horizontal strokes, curvilinear descenders, pointing mainly in distinct dots though casual, kāf mashqūqah preferred (even final kāf).</subfield></datafield><datafield tag="500" ind1=" " ind2=" "><subfield code="a">Layout: Written in 18-21 lines per page ; for sections of poetry, written area divided to two columns to set off verses.</subfield></datafield><datafield tag="500" ind1=" " ind2=" "><subfield code="a">Collation: i, 4 V(40), IV+1 (49), 6 V(109), II (113), 2 V(133), I (135), V+1 (146), i ; chiefly quinions ; catchwords present ; possible foliation in black ink, Hindu-Arabic numerals, verso of each leaf through p.22 only ; pagination in pencil, Western numerals, supplied during digitization (includes flyleaves).</subfield></datafield><datafield tag="500" ind1=" " ind2=" "><subfield code="a">Colophon: [Fuṣūṣ al-ḥikam] "Scribal," triangular, reads "كمل الكتاب المبارك بحمد الله وعونه وحسن توفيقه يوم الاحد ثالث عشرين الحجة سنة سبعة عشر بعد الالف احسن الله عاقبها في خير على يد افقير عباد الله احمد بن ابي الخير الشهير بالخولي عفا الله عنا وعنه وعن المسلمين اجمعين امين" ; [al-Muʻashsharāt] "Scribal," reads, "تمت القصائد بحمد الله وعونه وحسن توفيقه وصلى الله على سيدنا محمد وذلك على يد الحقير الفقير المعترف بالعجز والتقصير الراجي عفو ربه القدير احمد بن ابي الخير الشهير بالخولي عفا الله عنا وعنه وغفر لنا وله ولوالديه ولجميع المسلمين اجمعين والحمد لله رب العالمين بتاريخ اواخر سنة سبعة عشر بعد الالف"</subfield></datafield><datafield tag="500" ind1=" " ind2=" "><subfield code="a">Incipit: [al-Isrā ilá al-maqām al-asrā] "قال سيدنا ومولانا وامامنا وقدوتنا الى الله سبحانه وتعالى الشيخ الامام العلامة ... محيي الدين ابو عبد الله محمد بن علي بن العربي الطاي الحاتمي الاندلسي ... اما بعد الحمد لله الذي سلخ نهاره من ليله المظلم واطلع فيها شمسه المنيرة ..." ; [Fuṣūṣ al-ḥikam] "وصلى الله على سيدنا محمد واله رب يسر وتمم قال سيدنا وشيخنا ... محيي الملة والدين ابو عبد الله محمد بن علي بن محمد بن العربي الطاي الحاتمي الاندلسي ... الحمد لله منزل الحكم على قلوب الكلم ..." ; [al-Muʻashsharāt] "قال الشيخ الكبير الامام ابو عبد الله ابن العربي عملت هذه القصائد على حروف المعجم المزدوج باب الالف ..."</subfield></datafield><datafield tag="500" ind1=" " ind2=" "><subfield code="a">Title supplied by cataloguer.</subfield></datafield><datafield tag="500" ind1=" " ind2=" "><subfield code="a">Ms. codex.</subfield></datafield><datafield tag="505" ind1="0" ind2=" "><subfield code="a">3. p.277-p.294 : al-Dīwān al-ṣaghīr al-musammá bi-al-Muʻashsharāt / Ibn al-ʻArabī.</subfield></datafield><datafield tag="505" ind1="0" ind2=" "><subfield code="a">2. p.87-p.276 : [Fuṣūṣ al-ḥikam] / Ibn al-ʻArabī.</subfield></datafield><datafield tag="505" ind1="0" ind2=" "><subfield code="a">1. p.3-p.86 : Kitāb al-Isrā ilá al-maqām al-asrā / Ibn al-ʻArabī.</subfield></datafield><datafield tag="510" ind1="4" ind2=" "><subfield code="a">Brockelmann, C. GAL,</subfield><subfield code="c">I 441-447 (no.12, 16, 140)</subfield></datafield><datafield tag="520" ind1="8" ind2=" "><subfield code="a">A collection (majmūʻah) of three works by Ibn ʻArabī, al-Shaykh al-Akbar (d.1240), including al-Isrāʼ ilá al-maqām al-asrá, Fuṣūṣ al-ḥikam, and al-Muʻashsharāt.</subfield></datafield><datafield tag="538" ind1=" " ind2=" "><subfield code="a">Mode of access: Internet.</subfield></datafield><datafield tag="541" ind1=" " ind2=" "><subfield code="a">Acquired in 1926 from the bookseller Isaac Benjamin S.E. Yahuda via purchase transacted on his behalf by Abraham Shalom Yahuda (1877-1951), his younger brother.</subfield></datafield><datafield tag="546" ind1=" " ind2=" "><subfield code="a">Arabic.</subfield></datafield><datafield tag="561" ind1=" " ind2=" "><subfield code="a">Ownership statement on opening 'title page' (p.3) in name of ʻAbd al-Raḥmān al-Manzalāwī al-Ḥanafī ( عبد الرحمن المنزلاوي الحنفي ) dated Muḥarram 1061 [December 1650-January 1651] ; reading / study notice at close of Fuṣūṣ al-ḥikam (p.276) in name of ʻAlī ibn al-Muʻallim Muḥammad al-Dimyāṭī ( علي بن المعلم محمد الدمياطي ) dated 1026 [1617] ; numerous marginal corrections (most marked with accompanying signes de renvoi) and glosses.</subfield></datafield><datafield tag="600" ind1="0" ind2="0"><subfield code="a">Muḥammad,</subfield><subfield code="c">Prophet,</subfield><subfield code="d">-632</subfield><subfield code="x">Isrāʼ and Miʻrāj</subfield><subfield code="v">Early works to 1800.</subfield></datafield><datafield tag="650" ind1=" " ind2="0"><subfield code="a">Manuscripts, Arabic</subfield><subfield code="z">Michigan</subfield><subfield code="z">Ann Arbor.</subfield></datafield><datafield tag="650" ind1=" " ind2="0"><subfield code="a">Sufi poetry, Arabic</subfield><subfield code="v">Early works to 1800.</subfield></datafield><datafield tag="650" ind1=" " ind2="0"><subfield code="a">Metaphysics</subfield><subfield code="v">Early works to 1800.</subfield></datafield><datafield tag="650" ind1=" " ind2="0"><subfield code="a">Sufism</subfield><subfield code="x">Doctrines</subfield><subfield code="v">Early works to 1800.</subfield></datafield><datafield tag="700" ind1="0" ind2=" "><subfield code="6">880-09</subfield><subfield code="a">ʻAbd al-Raḥmān al-Manzalāwī,</subfield><subfield code="d">fl. 1650,</subfield><subfield code="e">former owner.</subfield></datafield><datafield tag="700" ind1="0" ind2=" "><subfield code="6">880-08</subfield><subfield code="a">Aḥmad ibn Abī al-Khayr al-Khawlī,</subfield><subfield code="d">fl. 1609,</subfield><subfield code="e">scribe.</subfield></datafield><datafield tag="740" ind1="0" ind2="2"><subfield code="6">880-06</subfield><subfield code="a">Muʻashsharāt</subfield></datafield><datafield tag="740" ind1="0" ind2="2"><subfield code="6">880-05</subfield><subfield code="a">Dīwān al-ṣaghīr al-musammá bi-al-Muʻashsharāt</subfield></datafield><datafield tag="740" ind1="0" ind2="2"><subfield code="6">880-04</subfield><subfield code="a">Fuṣūṣ al-ḥikam</subfield></datafield><datafield tag="773" ind1="0" ind2=" "><subfield code="a">Yahuda Collection.</subfield></datafield><datafield tag="880" ind1="0" ind2=" "><subfield code="6">700-09/</subfield><subfield code="a">عبد الرحمن المنزلاوي,</subfield><subfield code="e">مالك سابق.</subfield></datafield><datafield tag="880" ind1="0" ind2=" "><subfield code="6">700-08/</subfield><subfield code="a">احمد بن ابي الخير الخولي,</subfield><subfield code="e">ناسخ.</subfield></datafield><datafield tag="880" ind1="0" ind2="2"><subfield code="6">740-06/</subfield><subfield code="a">معشرات</subfield></datafield><datafield tag="880" ind1="0" ind2="2"><subfield code="6">740-05/</subfield><subfield code="a">ديوان الصغير المسمى بالمعشرات</subfield></datafield><datafield tag="880" ind1="0" ind2="2"><subfield code="6">740-04/</subfield><subfield code="a">فصوص الحكم</subfield></datafield><datafield tag="880" ind1="1" ind2="2"><subfield code="6">245-03/</subfield><subfield code="a">[الاسرا الى المقام الاسرى ... الخ,</subfield><subfield code="f">1017ه, 1609م].</subfield></datafield><datafield tag="880" ind1="0" ind2=" "><subfield code="6">100-01/</subfield><subfield code="a">ابن العربي.</subfield></datafield><datafield tag="CID" ind1=" " ind2=" "><subfield code="a">006781934</subfield></datafield><datafield tag="DAT" ind1="0" ind2=" "><subfield code="a">20190719102635.0</subfield><subfield code="b">20190719000000.0</subfield></datafield><datafield tag="DAT" ind1="1" ind2=" "><subfield code="a">20190719090653.0</subfield><subfield code="b">2019-07-19T16:11:25Z</subfield></datafield><datafield tag="DAT" ind1="2" ind2=" "><subfield code="a">2015-10-02T18:00:03Z</subfield></datafield><datafield tag="CAT" ind1=" " ind2=" "><subfield code="a">SDR-MIU</subfield><subfield code="d">EX LIBRIS - ALEPH</subfield><subfield code="l">prepare.pl-004-008</subfield></datafield><datafield tag="FMT" ind1=" " ind2=" "><subfield code="a">BK</subfield></datafield><datafield tag="HOL" ind1=" " ind2=" "><subfield code="0">sdr-miu006781934</subfield><subfield code="a">MiU</subfield><subfield code="b">SDR</subfield><subfield code="c">MIU</subfield><subfield code="p">mdp.39015079125731</subfield><subfield code="s">MIU</subfield><subfield code="1">006781934</subfield></datafield><datafield tag="974" ind1=" " ind2=" "><subfield code="b">MIU</subfield><subfield code="c">MIU</subfield><subfield code="d">20190719</subfield><subfield code="s">lit-dlps-dc</subfield><subfield code="u">mdp.39015079125731</subfield><subfield code="y">1609</subfield><subfield code="r">pd</subfield><subfield code="q">bib</subfield><subfield code="t">non-US bib date1 &lt; 1879</subfield></datafield></record></collection>